@book{
    pearl2000,
    place                      = {Cambridge},
    title                      = {Causality},
    DOI                        = {10.1017/CBO9780511803161},
    publisher                  = {Cambridge University Press},
    author                     = {Pearl, Judea},
    year                       = {2000}
}

@article{
    pearl1995,
    ISSN                       = {00063444},
    URL                        = {http://www.jstor.org/stable/2337329},
    author                     = {Judea Pearl},
    journal                    = {Biometrika},
    number                     = {4},
    pages                      = {669--688},
    publisher                  = {[Oxford University Press, Biometrika Trust]},
    title                      = {Causal Diagrams for Empirical Research},
    volume                     = {82},
    year                       = {1995}
}

@misc{
    kgelgen2019optimal,
    title                      = {Optimal experimental design via Bayesian optimization: active causal structure learning for Gaussian process networks},
    author                     = {Julius Kügelgen and Paul K Rubenstein and Bernhard Schölkopf and Adrian Weller},
    year                       = {2019},
    eprint                     = {1910.03962},
    archivePrefix              = {arXiv},
    primaryClass               = {stat.ML}
}

@misc{
    agrawal2018minimal,
    title                      = {Minimal I-MAP MCMC for Scalable Structure Discovery in Causal DAG Models},
    author                     = {Raj Agrawal and Tamara Broderick and Caroline Uhler},
    year                       = {2018},
    eprint                     = {1803.05554},
    archivePrefix              = {arXiv},
    primaryClass               = {stat.CO}
}

@article{
    eberhardt2017introduction,
    title                      = {Introduction to the foundations of causal discovery},
    author                     = {Eberhardt, Frederick},
    journal                    = {International Journal of Data Science and Analytics},
    volume                     = {3},
    number                     = {2},
    pages                      = {81--91},
    year                       = {2017},
    publisher                  = {Springer}
}

@article{
    guo2018survey,
    title                      = {A survey of learning causality with data: Problems and methods},
    author                     = {Guo, Ruocheng and Cheng, Lu and Li, Jundong and Hahn, P Richard and Liu, Huan},
    journal                    = {arXiv preprint arXiv:1809.09337},
    year                       = {2018}
}

@inproceedings{
    bareinboim2014recovering,
    title                      = {Recovering from selection bias in causal and statistical inference},
    author                     = {Bareinboim, Elias and Tian, Jin and Pearl, Judea},
    booktitle                  = {Twenty-Eighth AAAI Conference on Artificial Intelligence},
    year                       = {2014}
}

@article{
    he2008active,
    title                      = {Active learning of causal networks with intervention experiments and optimal designs},
    author                     = {He, Yang-Bo and Geng, Zhi},
    journal                    = {Journal of Machine Learning Research},
    volume                     = {9},
    number                     = {Nov},
    pages                      = {2523--2547},
    year                       = {2008}
}

@inproceedings{
    tong2001active,
    title                      = {Active learning for parameter estimation in Bayesian networks},
    author                     = {Tong, Simon and Koller, Daphne},
    booktitle                  = {Advances in neural information processing systems},
    pages                      = {647--653},
    year                       = {2001}
}

@article{
    rottman2012,
    title                      = "Causal structure learning over time: Observations and interventions",
    journal                    = "Cognitive Psychology",
    volume                     = "64",
    number                     = "1",
    pages                      = "93 - 125",
    year                       = "2012",
    issn                       = "0010-0285",
    doi                        = "https://doi.org/10.1016/j.cogpsych.2011.10.003",
    url                        = "http://www.sciencedirect.com/science/article/pii/S0010028511000879",
    author                     = "Benjamin M. Rottman and Frank C. Keil",
    keywords                   = "Causal structure, Causal learning, Time, Observation, Intervention"
}

@article{
    glymour2019review,
    author                     = {Glymour, Clark and Zhang, Kun and Spirtes, Peter},
    title                      = {Review of Causal Discovery Methods Based on Graphical Models},
    journal                    = {Frontiers in Genetics},
    volume                     = {10},
    pages                      = {524},
    year                       = {2019},
    url                        = {https://www.frontiersin.org/article/10.3389/fgene.2019.00524},
    doi                        = {10.3389/fgene.2019.00524},
    issn                       = {1664-8021}
}

@book{
    spirtes2000causation,
    title                      = {Causation, prediction, and search},
    author                     = {Spirtes, Peter and Glymour, Clark N and Scheines, Richard and Heckerman, David},
    year                       = {2000},
    publisher                  = {MIT press}
}


@article{
    andersson1997,
    author                     = "Andersson, Steen A. and Madigan, David and Perlman, Michael D.",
    doi                        = "10.1214/aos/1031833662",
    fjournal                   = "Annals of Statistics",
    journal                    = "Ann. Statist.",
    month                      = "04",
    number                     = "2",
    pages                      = "505--541",
    publisher                  = "The Institute of Mathematical Statistics",
    title                      = "A characterization of Markov equivalence classes for acyclic digraphs",
    url                        = "https://doi.org/10.1214/aos/1031833662",
    volume                     = "25",
    year                       = "1997"
}

@inproceedings{
    neil2017,
    author                     = {Bramley, Neil},
    year                       = {2017},
    month                      = {02},
    pages                      = {},
    title                      = {Constructing the world: Active causal learning in cognition},
    booktitle                  = {.}
}

@article{
    eberhardt2012,
    author                     = {Frederick Eberhardt},
    title                      = {Almost Optimal Intervention Sets for Causal Discovery},
    journal                    = {CoRR},
    volume                     = {abs/1206.3250},
    year                       = {2012},
    url                        = {http://arxiv.org/abs/1206.3250},
    archivePrefix              = {arXiv},
    eprint                     = {1206.3250},
    timestamp                  = {Mon, 13 Aug 2018 16:48:10 +0200},
    biburl                     = {https://dblp.org/rec/journals/corr/abs-1206-3250.bib},
    bibsource                  = {dblp computer science bibliography, https://dblp.org}
}

@article{
    colombo2014order,
    title                      = {Order-independent constraint-based causal structure learning},
    author                     = {Colombo, Diego and Maathuis, Marloes H},
    journal                    = {The Journal of Machine Learning Research},
    volume                     = {15},
    number                     = {1},
    pages                      = {3741--3782},
    year                       = {2014},
    publisher                  = {JMLR. org}
}

@article{
    le2016fast,
    title                      = {A fast PC algorithm for high dimensional causal discovery with multi-core PCs},
    author                     = {Le, Thuc and Hoang, Tao and Li, Jiuyong and Liu, Lin and Liu, Huawen and Hu, Shu},
    journal                    = {IEEE/ACM transactions on computational biology and bioinformatics},
    year                       = {2016},
    publisher                  = {IEEE}
}

@article{
    friedman2001,
    author                     = {Friedman, Nir and Koller, Daphne},
    year                       = {2001},
    month                      = {07},
    pages                      = {},
    title                      = {Being Bayesian About Network Structure: A Bayesian Approach to Structure Discovery in Bayesian Networks},
    volume                     = {50},
    journal                    = {Mach Learn},
    doi                        = {10.1023/A:1020249912095}
}

@article{
    madigan1995,
    ISSN                       = {03067734, 17515823},
    URL                        = {http://www.jstor.org/stable/1403615},
    author                     = {David Madigan and Jeremy York and Denis Allard},
    journal                    = {International Statistical Review / Revue Internationale de Statistique},
    number                     = {2},
    pages                      = {215--232},
    publisher                  = {[Wiley, International Statistical Institute (ISI)]},
    title                      = {Bayesian Graphical Models for Discrete Data},
    volume                     = {63},
    year                       = {1995}
}

@inproceedings{
    stegle2010probabilistic,
    title                      = {Probabilistic latent variable models for distinguishing between cause and effect},
    author                     = {Stegle, Oliver and Janzing, Dominik and Zhang, Kun and Mooij, Joris M and Sch{\"o}lkopf, Bernhard},
    booktitle                  = {Advances in neural information processing systems},
    pages                      = {1687--1695},
    year                       = {2010}
}

@incollection{
    goudet2018learning,
    title                      = {Learning functional causal models with generative neural networks},
    author                     = {Goudet, Olivier and Kalainathan, Diviyan and Caillou, Philippe and Guyon, Isabelle and Lopez-Paz, David and Sebag, Michele},
    booktitle                  = {Explainable and Interpretable Models in Computer Vision and Machine Learning},
    pages                      = {39--80},
    year                       = {2018},
    publisher                  = {Springer}
}


@book{
    claeskens_hjort_2008,
    place                      = {Cambridge},
    series                     = {Cambridge Series in Statistical and Probabilistic Mathematics},
    title                      = {Model Selection and Model Averaging}, DOI                                                                                    = {10.1017/CBO9780511790485},
    publisher                  = {Cambridge University Press},
    author                     = {Claeskens, Gerda and Hjort, Nils Lid},
    year                       = {2008},
    collection                 = {Cambridge Series in Statistical and Probabilistic Mathematics}
}


@article{
    chickering2002,
    author                     = {Chickering, David},
    year                       = {2002},
    month                      = {01},
    pages                      = {507-554},
    title                      = {Optimal Structure Identification With Greedy Search.},
    volume                     = {3},
    journal                    = {Journal of Machine Learning Research},
    doi                        = {10.1162/153244303321897717}
}


@article{
    peters2014causal,
    author                     = {{Peters}, Jonas and {Mooij}, Joris and {Janzing}, Dominik and {Sch{\"o}lkopf}, Bernhard},
    title                      = "{Causal Discovery with Continuous Additive Noise Models}",
    journal                    = {arXiv e-prints},
    keywords                   = {Statistics - Machine Learning},
    year                       = 2013,
    month                      = sep,
    eid                        = {arXiv:1309.6779},
    pages                      = {arXiv:1309.6779},
    archivePrefix              = {arXiv},
    eprint                     = {1309.6779},
    primaryClass               = {stat.ML},
    adsurl                     = {https://ui.adsabs.harvard.edu/abs/2013arXiv1309.6779P},
    adsnote                    = {Provided by the SAO/NASA Astrophysics Data System}
}
